@book{christopher2016logistics,
  title={Logistics \& supply chain management},
  author={Christopher, Martin},
  year={2016},
  publisher={New Jersey : FT Press}
}

@incollection{mahendrawathi2015service,
  title={The Service Quality of Indonesia’s Logistics Service Provider in Preparation for ASEAN Economic Community},
  author={Mahendrawathi, ER and Wasusri, Thananya and Astuti, Hanim Maria and Herdiyanti, Anisah},
  booktitle={Industrial Engineering, Management Science and Applications 2015},
  pages={647--656},
  year={2015},
  publisher={Springer}
}

@article{wbank2017,
  title={The Logistics Performance Index is an interactive benchmarking tool created to help countries identify the challenges and opportunities they face in their performance on trade logistic},
  author={The World Bank},
  journal={World Bank Group},
  year={2017},
}

@article{wbank2018,
  title={Global Ranking The Logistics Performance Index},
  author={W. Bank},
  journal={World Bank Group},
  year={2018},
}

@book{arvis2018connecting,
  title={Connecting to Compete 2018: Trade Logistics in the Global Economy},
  author={Arvis, Jean-Fran{{c}}ois and Ojala, Lauri and Wiederer, Christina and Shepherd, Ben and Raj, Anasuya and Dairabayeva, Karlygash and Kiiski, Tuomas},
  year={2018},
  publisher={World Bank}
}

@article{pane2018qualitative,
  title={Qualitative Evaluation of RFID Implementationon Warehouse Management System},
  author={Pane, Syafrial Fachri and Awangga, Rolly Maulana and Azhari, Bayu Rahmad},
  journal={TELKOMNIKA (Telecommunication Computing Electronics and Control)},
  volume={16},
  number={3},
  year={2018}
}

@inproceedings{adiono2017fast,
  title={Fast Warehouse Management System (WMS) using RFID based goods locator system},
  author={Adiono, Trio and Ega, Hans and Kasan, Hans and Harimurti, Carrel Suksmandhira},
  booktitle={2017 IEEE 6th Global Conference on Consumer Electronics (GCCE)},
  pages={1--2},
  year={2017},
  organization={IEEE}
}

@book{richards2017warehouse,
  title={Warehouse management: a complete guide to improving efficiency and minimizing costs in the modern warehouse},
  author={Richards, Gwynne},
  year={2017},
  publisher={Kogan Page Publishers}
}

@article{paul2018contemporary,
  title={Contemporary Logistics (12th Edition)},
  author={J. Paul R. Murphy and A. M. Knemeyer},
  journal={Pearson},
  volume={5},
  number={2},
  city={London},
  year={2018}
}

@article{gooran2018modeling,
  title={Modeling risk and uncertainty in designing reverse logistics problem},
  author={Gooran, A and Rafiei, H and Rabani, M},
  journal={Decision Science Letters},
  volume={7},
  number={1},
  pages={13--24},
  year={2018}
}

@article{daryanto2017logistics,
  title={Logistics Systems in the Supply Chain of Agricultural Products in Indonesia},
  author={Daryanto, Arief and others},
  journal={Agriculture and Development Notes},
  volume={8},
  pages={1--2},
  year={2017},
  publisher={Southeast Asian Regional Center for Graduate Study and Research in~…}
}

@article{yang2017design,
  title={Design and implementation of cloud platform for intelligent logistics in the trend of intellectualization},
  author={Yang, Mengke and Mahmood, Movahedipour and Zhou, Xiaoguang and Shafaq, Salam and Zahid, Latif},
  journal={China Communications},
  volume={14},
  number={10},
  pages={180--191},
  year={2017},
  publisher={IEEE}
}

@inproceedings{prambudia2016effect,
  title={The Effect of Considering Environmental Aspect to Distribution Planning: A Case in Logistics SME},
  author={Prambudia, Yudha and Nur, Andri Andrian},
  booktitle={IOP Conference Series: Materials Science and Engineering},
  volume={105},
  number={1},
  pages={012029},
  year={2016},
  organization={IOP Publishing}
}

@article{manambing2014analisis,
  title={Analisis Perencanaan Supply Chain Management (SCM) Pada PT. Sinar Galesong Pratama},
  author={Manambing, Melva F and Tumade, Petrus and Sumarauw, Jacky SB},
  journal={Jurnal EMBA: Jurnal Riset Ekonomi, Manajemen, Bisnis dan Akuntansi},
  volume={2},
  number={2},
  year={2014}
}

@article{tong2015novel,
  title={A novel subpixel phase correlation method using singular value decomposition and unified random sample consensus},
  author={Tong, Xiaohua and Ye, Zhen and Xu, Yusheng and Liu, Shijie and Li, Lingyun and Xie, Huan and Li, Tianpeng},
  journal={IEEE Transactions on Geoscience and Remote Sensing},
  volume={53},
  number={8},
  pages={4143--4156},
  year={2015},
  publisher={IEEE}
}

@inproceedings{liu2015design,
  title={Design and Implementation of Warehouse Management System Based on B/S Mode},
  author={Liu, Pin and Yao, Guo-Qing and Cai, Hong-Yue and Yang, Zhou},
  booktitle={2015 International Conference on Computer Science and Applications (CSA)},
  pages={146--150},
  year={2015},
  organization={IEEE}
}

@article{azwir2017perbaikan,
  title={Perbaikan Pengelolaan Pergudangan Melalui Penerapan Sistem Informasi Pergudangan di CV. ABB},
  author={Azwir, Hery Hamdi and Patriani, Oktavia},
  journal={Jurnal Optimasi Sistem Industri},
  volume={16},
  number={1},
  pages={10--24},
  year={2017},
  publisher={Directory of Open Access Journals}
}

@article{athoillah2013perancangan,
  title={Perancangan sistem informasi mobile berbasis Android untuk kontrol persediaan barang di gudang},
  author={Athoillah, Muhammad and Irawan, M Isa},
  journal={Jurnal Sains dan Seni Pomits},
  volume={1},
  number={1},
  pages={1--6},
  year={2013}
}

@article{yahya2017aplikasi,
  title={Aplikasi Pendataan Gudang Pupuk Di Dinas Pertanian Tanaman Dan Perkebunan},
  author={Yahya, Tantowi and Nurmalina, Radna},
  journal={Jurnal Sains dan Informatika},
  volume={1},
  number={2},
  year={2017}
}

@article{pane2019rfid,
  title={RFID-Based Conveyor Belt for Improve Warehouse Operations},
  author={Pane, Syafrial Fachri and Awangga, Rolly Maulana and Azhari, Bayu Rahmad and Tartila, Gilang Romadhanu},
  journal={TELKOMNIKA (Telecommunication Computing Electronics and Control)},
  volume={17},
  number={2},
  year={2019}
}

@article{boysen2018warehousing,
  title={Warehousing in the e-commerce era: A survey},
  author={Boysen, Nils and de Koster, Ren{\'e} and Weidinger, Felix},
  journal={European Journal of Operational Research},
  year={2018},
  publisher={Elsevier}
}

@article{fahrisal2018perancangan,
  title={PERANCANGAN SISTEM INVENTORY BARANG PADA UD. MINANG DEWI BERBASIS WEBSITE},
  author={Fahrisal, Fahrisal and Pohan, Sentosa and Nasution, Marnis},
  journal={INFORMATIKA},
  volume={6},
  number={2},
  pages={17--23},
  year={2018}
}

@article{veza2017perancangan,
  title={Perancangan Sistem Informasi Inventory Data Barang Pada Pt. Andalas Berlian Motors (Studi Kasus: PT Andalas Berlian Motors Bukit Tinggi)},
  author={Veza, Okta},
  journal={Jurnal Teknik Ibnu Sina JT-IBSI},
  volume={2},
  number={2},
  year={2017}
}

@phdthesis{abdullah2017penerapan,
  title={PENERAPAN ECONOMIC ORDER QUANTITY (EOQ) UNTUK PERSEDIAAN TEH GOALPARA SEDUH DALAM UPAYA EFISIENSI BIAYA PERSEDIAAN DI UNIT INDUSTRI HILIR TEH PADA PT PERKEBUNAN NUSANTARA VIII},
  author={Abdullah, Hani Hasan and Juniarti, Atty Tri and others},
  year={2017},
  school={Perpustakaan Fakultas Ekonomi dan Bisnis Unpas Bandung}
}

@article{oktapiani2018penerapan,
  title={Penerapan Metode First-In First-Out (FIFO) Persediaan Barang Pada CV. Pagar Alam Lestari Bandung},
  author={Oktapiani, Renny and Juliani, Triani Dwi},
  journal={IJCIT (Indonesian Journal on Computer and Information Technology)},
  volume={3},
  number={2},
  year={2018}
}

@article{nagle2018streamlining,
  title={Streamlining a Simulation Center's Inventory Management},
  author={Nagle, Amy and Fisher, Susan and Frazier, Shree and McComb, Sara},
  journal={Clinical Simulation in Nursing},
  volume={18},
  pages={1--5},
  year={2018},
  publisher={Elsevier}
}

@article{iqbal2017aplikasi,
  title={Aplikasi Manajemen Persediaan Barang Berbasis Economic Order Quantity (EOQ)},
  author={Iqbal, Taufiq and Aprizal, Daniel and Wali, Muhammad},
  journal={Jurnal JTIK (Jurnal Teknologi Informasi dan Komunikasi)},
  volume={1},
  number={1},
  pages={48--60},
  year={2017}
}

@article{calzavara2018integrated,
  title={An integrated storage assignment method for manual order picking warehouses considering cost, workload and posture},
  author={Calzavara, Martina and Glock, Christoph H and Grosse, Eric H and Sgarbossa, Fabio},
  journal={International Journal of Production Research},
  pages={1--17},
  year={2018},
  publisher={Taylor \& Francis}
}

@article{atieh2016performance,
  title={Performance improvement of inventory management system processes by an automated warehouse management system},
  author={Atieh, Anas M and Kaylani, Hazem and Al-abdallat, Yousef and Qaderi, Abeer and Ghoul, Luma and Jaradat, Lina and Hdairis, Iman},
  journal={Procedia Cirp},
  volume={41},
  pages={568--572},
  year={2016},
  publisher={Elsevier}
}

@inproceedings{fomina2017applying,
  title={Applying of innovative methods in warehouse management},
  author={Fomina, Irina G and Samoylov, Vadim V},
  booktitle={2017 IEEE Conference of Russian Young Researchers in Electrical and Electronic Engineering (EIConRus)},
  pages={1337--1340},
  year={2017},
  organization={IEEE}
}

@inproceedings{schmid2015wms,
  title={WMS performance of selected SQL and NoSQL databases},
  author={Schmid, Stephan and Galicz, Eszter and Reinhardt, Wolfgang},
  booktitle={International Conference on Military Technologies (ICMT) 2015},
  pages={1--6},
  year={2015},
  organization={IEEE}
}

@article{baruffaldi2018warehouse,
  title={Warehouse management system customization and information availability in 3pl companies: a decision-support tool},
  author={Baruffaldi, Giulia and Accorsi, Riccardo and Manzini, Riccardo},
  journal={Industrial Management \& Data Systems},
  year={2018},
  publisher={Emerald Publishing Limited}
}

@article{vouzas2018tqm,
  title={TQM implementation in 3PL organisations vs organisations with in-house logistics department: A literature review},
  author={Vouzas, Fotis and Katsogianni, Theano},
  journal={The TQM Journal},
  volume={30},
  number={6},
  pages={749--763},
  year={2018},
  publisher={Emerald Publishing Limited}
}

@article{akbar2015penerapan,
  title={Penerapan Enterprise Resource Planning (ERP) untuk Sistem Informasi Pembelian, Persedian dan Penjualan Barang pada Toko EMI GROSIR dan ECERAN},
  author={Akbar, Ricky and Juliastrioza, Juliastrioza},
  journal={Jurnal Nasional Teknologi dan Sistem Informasi},
  volume={1},
  number={1},
  pages={7--17},
  year={2015}
}

@article{nurti2018prosedur,
  title={Procedure for receiving activities at the central store receiving section PT. y},
  author={Nurti, Yuli and Satar, Muhammad},
  journal={Jurnal Industri Elektro dan Penerbangan},
  volume={5},
  number={1},
  year={2018}
}

@phdthesis{chandra2013analisis,
  title={Analisis Kinerja Distribusi Logistik Pada Pasokan Barang Dari Pusat Distribusi Ke Gerai Indomaret di Kota Semarang},
  author={Chandra, Afridel and RAHARDJO, Susilo Toto},
  year={2013},
  school={Fakultas Ekonomika dan Bisnis}
}

@article{alyahya2016application,
  title={Application and integration of an RFID-enabled warehousing management system--a feasibility study},
  author={Alyahya, Saleh and Wang, Qian and Bennett, Nick},
  journal={Journal of Industrial Information Integration},
  volume={4},
  pages={15--25},
  year={2016},
  publisher={Elsevier}
}

@article{mindur2018diversity,
  title={The Diversity of Logistics Centre Concepts in Europe},
  author={Mindur, Maciej and Turo{\'n}, Katarzyna and Sierpi{\'n}ski, Grzegorz},
  journal={Logistics and Transport},
  volume={39},
  year={2018}
}

@article{govindan2015reverse,
  title={Reverse logistics and closed-loop supply chain: A comprehensive review to explore the future},
  author={Govindan, Kannan and Soleimani, Hamed and Kannan, Devika},
  journal={European Journal of Operational Research},
  volume={240},
  number={3},
  pages={603--626},
  year={2015},
  publisher={Elsevier}
}

@article{yose2017model,
  title={MODEL PENGUKURAN KINERJA LOGISTIK INDUSTRI KOMPONEN OTOMOTIF UNTUK PENGUATAN DAYA SAING DALAM RANGKA MENGHADAPI MEA},
  author={Yose, Mindy Janitra},
  journal={JURNAL TEKNIK INDUSTRI},
  volume={6},
  number={1},
  year={2017}
}

@article{krismiyati2017manajemen,
  title={Manajemen Logistik Dalam Menunjang Kegiatan Operasi Pencarian dan Pertolongan Pada Kantor Search And Rescue (SAR) Kelas A Biak},
  author={Krismiyati, Krismiyati},
  journal={Jurnal Ilmiah Ilmu Administrasi Publik: Jurnal Pemikiran dan Penelitian Administrasi Publik},
  volume={7},
  number={1},
  pages={46--54},
  year={2017}
}

@article{rahmaningtyas2017mengelola,
  title={Mengelola Manajemen Logistik dengan Efektif di Universitas Negeri Semarang},
  author={Rahmaningtyas, Wisudani and Ismiyati, Ismiyati and Pramusinto, Hengky},
  journal={JSSH (Jurnal Sains Sosial dan Humaniora)},
  volume={1},
  number={2},
  pages={69--75},
  year={2017}
}

@article{samekto2014peningkatan,
  title={Peningkatan Kinerja Perusahaan Ekspedisi Muatan Kapal Laut Melalui Diversifikasi Usaha},
  author={Samekto, Agus Aji and Soejanto, Soejanto},
  journal={Jurnal Manajemen Transportasi \& Logistik},
  volume={1},
  number={1},
  pages={1--14},
  year={2014}
}

@article{sodhi2019introduction,
  title={Introduction to Machine Learning and Its Basic Application in Python},
  author={Sodhi, Pinky and Awasthi, Naman and Sharma, Vishal},
  journal={Available at SSRN 3323796},
  year={2019}
}

@article{serge2018pythran,
  title={Pythran: Crossing the Python frontier},
  author={Serge, Guelton},
  journal={Computing in Science \& Engineering},
  volume={20},
  number={2},
  pages={83},
  year={2018},
  publisher={IEEE Computer Society}
}

@article{abel2016gillespy,
  title={GillesPy: a Python package for stochastic model building and simulation},
  author={Abel, John H and Drawert, Brian and Hellander, Andreas and Petzold, Linda R},
  journal={IEEE life sciences letters},
  volume={2},
  number={3},
  pages={35--38},
  year={2016},
  publisher={IEEE}
}

@article{qin2019qha,
  title={qha: A Python package for quasiharmonic free energy calculation for multi-configuration systems},
  author={Qin, Tian and Zhang, Qi and Wentzcovitch, Renata M and Umemoto, Koichiro},
  journal={Computer Physics Communications},
  volume={237},
  pages={199--207},
  year={2019},
  publisher={Elsevier}
}

@article{volk2019prms,
  title={PRMS-Python: A Python framework for programmatic PRMS modeling and access to its data structures},
  author={Volk, John M and Turner, Matthew A},
  journal={Environmental Modelling \& Software},
  year={2019},
  publisher={Elsevier}
}

@article{ginsburg2019astroquery,
  title={astroquery: An Astronomical Web-Querying Package in Python},
  author={Ginsburg, Adam and Sip{\H{o}}cz, Brigitta M and Brasseur, CE and Cowperthwaite, Philip S and Craig, Matthew W and Deil, Christoph and Guillochon, James and Guzman, Giannina and Liedtke, Simon and Lim, Pey Lian and others},
  journal={arXiv preprint arXiv:1901.04520},
  year={2019}
}

@article{carter2017scraps,
  title={scraps: an open-source Python-based analysis package for analyzing and plotting superconducting resonator data},
  author={Carter, Faustin Wirkus and Khaire, Trupti S and Novosad, Valentyn and Chang, Clarence L},
  journal={IEEE Transactions on Applied Superconductivity},
  volume={27},
  number={4},
  pages={1--5},
  year={2017},
  publisher={IEEE}
}

@article{lopez2016teaching,
  title={Teaching image processing in engineering using python},
  author={L{\'o}pez, Andr{\'e}s Fernando Jim{\'e}nez and Pelayo, Marla Carolina Prieto and Forero, {\'A}ngela Ram{\'\i}rez},
  journal={IEEE Revista Iberoamericana de Tecnologias del Aprendizaje},
  volume={11},
  number={3},
  pages={129--136},
  year={2016},
  publisher={IEEE}
}

@article{setiawan2018analisis,
  title={Analisis Perbandingan Fungsi Kernel dalam Perhitungan Economic Capital untuk Risiko Operasional Menggunakan Bahasa Pemrograman Python},
  author={Setiawan, Erwan and Suwarman, Ramdhan F},
  journal={Matematika},
  volume={17},
  number={2},
  year={2018}
}

@article{zein2018pendeteksian,
  title={Pendeteksian Kantuk Secara Real Time Menggunakan Pustaka OPENCV dan DLIB PYTHON},
  author={Zein, Afrizal and others},
  journal={Sainstech: Jurnal Penelitian dan Pengkajian Sains dan Teknologi},
  volume={28},
  number={2},
  year={2018}
}

@article{permana2018pengolahan,
  title={PENGOLAHAN DAN PEMULIHAN DATA RADAR CUACA MENGGUNAKAN WRADLIB BERBASIS PYTHON},
  author={Permana, Donaldi Sukma and Hutapea, Thahir Daniel F and Praja, Alfan S and Fatkhuroyan, Fatkhuroyan and Muzayanah, Linda F},
  journal={Jurnal Meteorologi dan Geofisika},
  volume={17},
  number={3},
  year={2018}
}

@article{muttaqin2018rfid,
  title={Rfid Sistem Parkir Dengan User Profiler},
  author={Muttaqin, Muhammad Fuad and Mutiara, Giva Andriana and Handayani, Rini},
  journal={eProceedings of Applied Science},
  volume={4},
  number={2},
  year={2018}
}

@article{purnomo2017model,
  title={Model Prototyping Pada Pengembangan Sistem Informasi},
  author={Purnomo, Dwi},
  journal={JIMP-Jurnal Informatika Merdeka Pasuruan},
  volume={2},
  number={2},
  year={2017}
}

@article{susanto2016perbandingan,
  title={Perbandingan Model Waterfall Dan Prototyping Untuk Pengembangan Sistem Informasi},
  author={Susanto, Rani and Andriana, Anna Dara},
  journal={Majalah Ilmiah UNIKOM},
  volume={14},
  number={1},
  year={2016}
}

@article{dewanti2015purwarupa,
  title={Purwarupa Sistem Penggabungan Foto Udara Pada UAV Menggunakan Algoritma Surf (Speeded-Up Robust Features)},
  author={Dewanti, Farida and Sumiharto, Raden},
  journal={IJEIS (Indonesian Journal of Electronics and Instrumentation Systems)},
  volume={5},
  number={2},
  pages={165--176},
  year={2015}
}

@article{olofsson2018estimating,
  title={Estimating tree stem density and diameter distribution in single-scan terrestrial laser measurements of field plots: a simulation study},
  author={Olofsson, Kenneth and Olsson, H{\aa}kan},
  journal={Scandinavian journal of forest research},
  volume={33},
  number={4},
  pages={365--377},
  year={2018},
  publisher={Taylor \& Francis}
}

@article{dongming2018research,
  title={RESEARCH ON SIFT IMAGE RECOGNITION ALGORITHM COMBINED WITH RANSAC.},
  author={Dongming, Cheng and Yu, Pang},
  journal={International Journal of Advanced Research in Computer Science},
  volume={9},
  number={1},
  year={2018}
}

@article{li2017remote,
  title={Remote sensing image registration based on Gaussian-Hermite moments and the Pseudo-RANSAC algorithm},
  author={Li, Ying and Li, Fangyi and Yang, Kaixing and Price, Chris and Shen, Qiang},
  journal={Remote Sensing Letters},
  volume={8},
  number={12},
  pages={1162--1171},
  year={2017},
  publisher={Taylor \& Francis}
}

@article{alkowatly2015body,
  title={Body-centric modelling, identification, and acceleration tracking control of a quadrotor UAV},
  author={Alkowatly, Mohamad T and Becerra, Victor and Holderbaum, William},
  journal={International journal of modelling, identification and control},
  volume={24},
  number={1},
  pages={29--41},
  year={2015},
  publisher={Inderscience Enterprises Ltd.}
}

@article{wang2016active,
  title={Active contour-based colour image selective segmentation},
  author={Wang, Xueqin and Li, Shurong and Yu, Yu and Man, Li and Wang, Jiayan},
  journal={International Journal of Modelling, Identification and Control},
  volume={25},
  number={1},
  pages={48--55},
  year={2016},
  publisher={Inderscience Publishers (IEL)}
}

@article{liu2017modelling,
  title={Modelling and simulation: an improved RANSAC algorithm based on the relative angle information of samples},
  author={Liu, Chengbo and Shen, Qiang and Pan, Hai and Li, Miao},
  journal={International Journal of Modelling, Identification and Control},
  volume={28},
  number={2},
  pages={144--152},
  year={2017},
  publisher={Inderscience Publishers (IEL)}
}

@article{liu2016fast,
  title={The fast recognition method for circle group based on regional data acquisition and sub-pixel technology},
  author={Liu, Yangpeng and Ding, Jianjun and Wang, Fengdong and Long, Xingyuan and Jiang, Zhuangde},
  journal={International Journal of Modelling, Identification and Control},
  volume={26},
  number={2},
  pages={152--157},
  year={2016},
  publisher={Inderscience Publishers (IEL)}
}

@inproceedings{gao2014hough,
  title={Hough-ransac: A fast and robust method for rejecting mismatches},
  author={Gao, Hongxia and Xie, Jianhe and Hu, Yueming and Yang, Ze},
  booktitle={Chinese Conference on Pattern Recognition},
  pages={363--370},
  year={2014},
  organization={Springer}
}

@inproceedings{wei2017improved,
  title={An improved RANSAC algorithm for line matching on multispectral images},
  author={Wei, Lijun and Li, Yong and Yu, Hang and Xu, Liangpeng and Fan, Chunxiao},
  booktitle={Eighth International Conference on Graphic and Image Processing (ICGIP 2016)},
  volume={10225},
  pages={1022507},
  year={2017},
  organization={International Society for Optics and Photonics}
}

@article{sajati2017pencocokan,
  title={Pencocokan Gambar Sidik Jari dengan Kamera Handphone Menggunakan Metode Ransac dan Transformasi Affine Berbasis Android},
  author={Sajati, Haruno and Nughraheny, Dwi and Suwarso, Nova Adi},
  journal={Compiler},
  volume={6},
  number={1},
  year={2017}
}

@article{satria2015pengembangan,
  title={Pengembangan Aplikasi Zakat Berbasis Android Menggunakan Metode Prototype},
  author={Satria, Eri and Cahyana, Rinda and others},
  journal={Jurnal Algoritma},
  volume={11},
  number={1},
  year={2015}
}

@article{muzawi2018sistem,
  title={Sistem Pengendalian Lampu Berbasis Web dan Mobile},
  author={Muzawi, Rometdo and Efendi, Yoyon and Agustin, Wirta},
  journal={SATIN-Sains dan Teknologi Informasi},
  volume={4},
  number={1},
  pages={29--35},
  year={2018}
}
